@book{AE-MB-letters,
    title = {The Born-Einstein letters: Correspondence between Albert Einstein and Max and Hedwig Born from 1916-1955, with commentaries by Max Born},
    author = {Albert Einsten Ð¸ Max Born},
    isbn = {9788806379117},
    year = {1971},
    publisher = {Macmillan},
    keywords = {physics}
}

@online{Simulation-Q,
    author = "Tsvetelin Tsetskov",
    title = "Simulation-Q",
    url  = "https://github.com/TsvetelinKostadinv/Simulation-Q",
    keywords = "simulation, quantum"
}

@book{dirac,
  title={The Principles of Quantum Mechanics},
  author={Paul Adrien Maurice Dirac},
  isbn={9780198520115},
  series={International series of monographs on physics},
  year={1981},
  publisher={Clarendon Press},
  keywords = {physics}
}

@article{shor-code,
    author = "Peter Shor",
    title = {Quantum Computing},
    pages = "20",
    year = "1998",
    url = "http://www-math.mit.edu/~shor/papers/ICM.pdf",
    keywords = "physics"
}